% This file was created with JabRef 2.5.
% Encoding: UTF-8
% See the "IEEEtran_bst_HOWTO.pdf" manual for usage information.

@manual{Advpdf,
	title = "Advanced Linux Programming",
	author = "Mark Mitchell and Jeffrey Oldham and Alex Samuel",
	publisher = "David Dwyer",
	language = "English",
	year= 2001
	}

@manual{thepdf,
	title = "The Linux Programming Interface",
	author = "Michael KerrisK",
	Publisher = "William Pollock",
	year = 2010,
	organization = "No Starch Press Inc."
	}

@book{tanenbaum2007distributed,
  title={Distributed systems},
  author={Tanenbaum, Andrew and Van Steen, Maarten},
  year={2007},
  publisher={Pearson Prentice Hall}
}

@article{eigenfaces,
  title={Eigenfaces for recognition},
  author={Turk, Matthew and Pentland, Alex},
  journal={Journal of cognitive neuroscience},
  volume={3},
  number={1},
  pages={71--86},
  year={1991},
  publisher={MIT Press}
}

@article{fisherfaces,
  title={Eigenfaces vs. fisherfaces: Recognition using class specific linear projection},
  author={Belhumeur, Peter N and Hespanha, Jo{\~a}o P and Kriegman, David J},
  journal={Pattern Analysis and Machine Intelligence, IEEE Transactions on},
  volume={19},
  number={7},
  pages={711--720},
  year={1997},
  publisher={IEEE}
}

@incollection{binaryface,
  title={Face recognition with local binary patterns},
  author={Ahonen, Timo and Hadid, Abdenour and Pietik{\"a}inen, Matti},
  booktitle={Computer vision-eccv 2004},
  pages={469--481},
  year={2004},
  publisher={Springer}
}

@article{fisher1936use,
  title={The use of multiple measurements in taxonomic problems},
  author={Fisher, Ronald A},
  journal={Annals of eugenics},
  volume={7},
  number={2},
  pages={179--188},
  year={1936},
  publisher={Wiley Online Library}
}

@incollection{messer2006performance,
  title={Performance characterisation of face recognition algorithms and their sensitivity to severe illumination changes},
  author={Messer, Kieron and Kittler, Josef and Short, James and Heusch, Guillaume and Cardinaux, Fabien and Marcel, Sebastien and Rodriguez, Yann and Shan, Shiguang and Su, Yu and Gao, Wen and others},
  booktitle={Advances in Biometrics},
  pages={1--11},
  year={2006},
  publisher={Springer}
}

@article{wiskott1997face,
  title={Face recognition by elastic bunch graph matching},
  author={Wiskott, Laurenz and Fellous, Jean-Marc and Kuiger, N and Von Der Malsburg, Christoph},
  journal={Pattern Analysis and Machine Intelligence, IEEE Transactions on},
  volume={19},
  number={7},
  pages={775--779},
  year={1997},
  publisher={IEEE}
}

@article{kanade1973picture,
  title={Picture processing system by computer complex and recognition of human faces},
  author={Kanade, Takeo},
  journal={Doctoral dissertation, Kyoto University},
  volume={3952},
  pages={83--97},
  year={1973},
  publisher={Eurographics Association}
}

@inproceedings{brunelli1992face,
  title={Face recognition through geometrical features},
  author={Brunelli, Roberto and Poggio, Tomaso},
  booktitle={Computer Visionâ€”ECCV'92},
  pages={792--800},
  year={1992},
  organization={Springer}
}

@book{foggia2009image,
  title={Image Analysis and Processing--ICIAP 2009: 15th International Conference Vietri sul Mare, Italy, September 8-11, 2009 Proceedings},
  author={Foggia, Pasquale and Sansone, Carlo and Vento, Mario},
  volume={5716},
  year={2009},
  publisher={Springer}
}
